<collection xmlns="http://www.loc.gov/MARC21/slim"><record><leader>00906nam  2200277   450</leader><controlfield tag="001">165</controlfield><controlfield tag="003">http://montalegre.opacnet.com/OPAC/default.aspx?ContentAreaControl=ShowRegHoldings.ascx&amp;RegNo=16662</controlfield><datafield tag="010" ind1=" " ind2=" "><subfield code="a">972-20-0846-3</subfield></datafield><datafield tag="021" ind1=" " ind2=" "><subfield code="a">PT</subfield><subfield code="b">40937/90</subfield></datafield><datafield tag="095" ind1=" " ind2=" "><subfield code="a">PTBN00262684</subfield></datafield><datafield tag="100" ind1=" " ind2=" "><subfield code="a">19901130d1991    em.y0pory0103    ba</subfield></datafield><datafield tag="101" ind1="1" ind2=" "><subfield code="a">por</subfield><subfield code="c">ger</subfield></datafield><datafield tag="102" ind1=" " ind2=" "><subfield code="a">PT</subfield></datafield><datafield tag="105" ind1=" " ind2=" "><subfield code="a">y   z   001zy</subfield></datafield><datafield tag="106" ind1=" " ind2=" "><subfield code="a">r</subfield></datafield><datafield tag="200" ind1="1" ind2=" "><subfield code="a">&lt;As &gt;vozes de Marraquexe</subfield><subfield code="e">notas de uma viagem</subfield><subfield code="f">Elias Canetti</subfield><subfield code="g">trad. Isabel Ramalho</subfield></datafield><datafield tag="205" ind1=" " ind2=" "><subfield code="a">1ª ed</subfield></datafield><datafield tag="210" ind1=" " ind2=" "><subfield code="a">Lisboa</subfield><subfield code="c">Dom Quixote</subfield><subfield code="d">1991</subfield></datafield><datafield tag="215" ind1=" " ind2=" "><subfield code="a">140 p.</subfield><subfield code="d">24 cm</subfield></datafield><datafield tag="225" ind1="2" ind2=" "><subfield code="a">Ficção universal</subfield><subfield code="v">81</subfield></datafield><datafield tag="304" ind1=" " ind2=" "><subfield code="a">Tit. orig. : Die Stimmen von Marrakesh</subfield></datafield><datafield tag="675" ind1=" " ind2=" "><subfield code="a">830(436)-992"19"</subfield><subfield code="v">BN</subfield><subfield code="z">por</subfield><subfield code="3">433659</subfield></datafield><datafield tag="700" ind1=" " ind2="1"><subfield code="a">Canetti</subfield><subfield code="b">Elias</subfield><subfield code="f">1905-1994</subfield><subfield code="3">25018</subfield></datafield><datafield tag="702" ind1=" " ind2="1"><subfield code="a">Ramalho</subfield><subfield code="b">Isabel</subfield><subfield code="4">730</subfield><subfield code="3">25020</subfield></datafield><datafield tag="801" ind1=" " ind2="0"><subfield code="a">PT</subfield><subfield code="b">Biblioteca Municipal de Montalegre</subfield><subfield code="g">RPC</subfield></datafield><datafield tag="856" ind1=" " ind2=" "><subfield code="u">locateMedia.asp?cod=20060509163411&amp;ext=jpg</subfield><subfield code="z">CAPA</subfield></datafield><datafield tag="909" ind1="&#9;" ind2=" "><subfield code="a">1</subfield></datafield><datafield tag="966" ind1=" " ind2=" "><subfield code="a">0008520</subfield><subfield code="l">BMM</subfield><subfield code="s">SCG 821 CAN voz 81</subfield></datafield></record></collection>